
@Article{Baek2018,
	author  = {Seung-Hwan Baek and Daniel S. Jeon and Xin Tong and Min H. Kim},
	title   = {Simultaneous Acquisition of Polarimetric SVBRDF and Normals},
	journal = {ACM Transactions on Graphics (Proc. SIGGRAPH Asia 2018)},
	pages   = {268:1--15},
	year    = {2018},
} 
